@article{Avidan2007,
  author = {Shai Avidan and Ariel Shamir},
  journal = {ACM Transactions on Graphics},
  title = {Seam Carving for Content-Aware Image Resizing},
  year = {2007},
  volume = {26},
  number = {3},
  pages = {10},
  doi = {10.1145/1239451.1239461}
}
